@ONLINE{ofi-seg-inter,
	author = {{Oficina de Seguridad del Internauta}},
	year = 2017,
	dateurl = {20-02-2017},
	url = {https://www.osi.es/es/herramientas-gratuitas}
}

@ONLINE{github-sec-showcase,
	author = {{GitHub, Inc}},
	year = 2017,
	dateurl = {20-02-2017},
	url = {https://github.com/showcases/security}
}

@ONLINE{onu-internet,
	author = {{El Mundo}},
	year = 2011,
	month = jun,
	day = 9,
	dateurl = {20-02-2017},
	url = {http://www.elmundo.es/elmundo/2011/06/09/navegante/1307619252.html}
}

https://www.sepe.es/contenidos/observatorio/perfiles/pdf/Especialistas_ciberseguridad.pdf
